<record><leader>00000cas a22000007a 4500</leader><controlfield tag="001">22886706</controlfield><controlfield tag="008">901221c19699999iluwr ne      0    0eng d</controlfield><datafield ind1=" " ind2=" " tag="010"><subfield code="a">sn 90054861 </subfield></datafield><datafield ind1=" " ind2=" " tag="040"><subfield code="a">NVF</subfield><subfield code="b">eng</subfield><subfield code="c">NVF</subfield><subfield code="d">OCLCQ</subfield><subfield code="d">NVF</subfield><subfield code="d">OCLCQ</subfield><subfield code="d">OCLCF</subfield><subfield code="d">OCLCO</subfield></datafield><datafield ind1="1" ind2=" " tag="029"><subfield code="a">AU@</subfield><subfield code="b">000025866158</subfield></datafield><datafield ind1=" " ind2=" " tag="042"><subfield code="a">msc</subfield></datafield><datafield ind1=" " ind2=" " tag="043"><subfield code="a">n-us-il</subfield></datafield><datafield ind1="0" ind2="4" tag="245"><subfield code="a">The Teutopolis press and Dieterich special gazette.</subfield></datafield><datafield ind1="1" ind2=" " tag="246"><subfield code="i">Sept. 24, 1975-, published as:</subfield><subfield code="a">Teutopolis press-Dieterich special gazette</subfield></datafield><datafield ind1=" " ind2=" " tag="260"><subfield code="a">Teutopolis, Ill. :</subfield><subfield code="b">Worman Printery,</subfield><subfield code="c">1969-</subfield></datafield><datafield ind1=" " ind2=" " tag="300"><subfield code="a">v.</subfield></datafield><datafield ind1=" " ind2=" " tag="310"><subfield code="a">Weekly</subfield></datafield><datafield ind1="0" ind2=" " tag="362"><subfield code="a">Vol. 72, no. 7 (May 1, 1969)-</subfield></datafield><datafield ind1=" " ind2=" " tag="580"><subfield code="a">Formed by the union of: Teutopolis press and: Special-gazette (Dieterich, Ill. : 1936).</subfield></datafield><datafield ind1=" " ind2="0" tag="651"><subfield code="a">Teutopolis (Ill.)</subfield><subfield code="v">Newspapers.</subfield></datafield><datafield ind1=" " ind2="4" tag="651"><subfield code="a">Dieterich (Ill.)</subfield><subfield code="v">Newspapers.</subfield></datafield><datafield ind1=" " ind2="7" tag="655"><subfield code="a">Newspapers.</subfield><subfield code="2">fast</subfield><subfield code="0">(OCoLC)fst01423814</subfield></datafield><datafield ind1=" " ind2="7" tag="651"><subfield code="a">Illinois</subfield><subfield code="z">Teutopolis.</subfield><subfield code="2">fast</subfield><subfield code="0">(OCoLC)fst01259839</subfield></datafield><datafield ind1=" " ind2=" " tag="752"><subfield code="a">United States</subfield><subfield code="b">Illinois</subfield><subfield code="c">Effingham</subfield><subfield code="d">Teutopolis.</subfield></datafield><datafield ind1=" " ind2=" " tag="752"><subfield code="a">United States</subfield><subfield code="b">Illinois</subfield><subfield code="c">Effingham</subfield><subfield code="d">Dieterich.</subfield></datafield><datafield ind1="1" ind2="4" tag="780"><subfield code="t">Teutopolis press</subfield><subfield code="w">(DLC)sn 90054860</subfield><subfield code="w">(OCoLC)22886632</subfield></datafield><datafield ind1="1" ind2="4" tag="780"><subfield code="t">Special-gazette (Dieterich, Ill. : 1936)</subfield><subfield code="w">(DLC)sn 90054858</subfield><subfield code="w">(OCoLC)22886289</subfield></datafield></record>